@Book{Witten,
ALTauthor = {Ian H. Witten, Eibe Frank, Mark A. Hall},
ALTeditor = {Elseiver},
title = {Practical Machine Learning
Tools and Techniques},
publisher = {Morgan Kaufmann},
year = {2011}
}

@Book{Handbook,
ALTauthor = {Oded Maimon , Lior Rokach},
ALTeditor = {Oded Maimon , Lior Rokach},
title = {Data Mining and Knowledge Discovery Handbook:Second Edition},
publisher = {Springer},
year = {2011}
}

@Book{Elements,
ALTauthor = {Trevor Hastie, Robert Tibshirani, Jerome Friedman},
title = {The Elements of Statistical Learning Data Mining,Inference,and Prediction: Second Edition},
publisher = {Springer},
year = {2009}
}

@Book{Bishop,
ALTauthor = {Christopher M. Bishop},
ALTeditor = {M. Jordan,J. Kleinberg,B. Schölkopf},
title = {Pattern Recognition and Machine Learning},
publisher = {Springer},
year = {2006}
}







